<record><leader>01926cam a2200445 i 45 0</leader><controlfield tag="001">6515002</controlfield><controlfield tag="003">OCoLC</controlfield><controlfield tag="005">20150122175806.0</controlfield><controlfield tag="008">140422s2015    enka     b    001 0 eng  </controlfield><datafield ind1=" " ind2=" " tag="010"><subfield code="a">  2014014927</subfield></datafield><datafield ind1="7" ind2=" " tag="016"><subfield code="a">101630959</subfield><subfield code="2">DNLM</subfield></datafield><datafield ind1=" " ind2=" " tag="020"><subfield code="a">9780199393275</subfield></datafield><datafield ind1=" " ind2=" " tag="020"><subfield code="a">0199393273</subfield></datafield><datafield ind1=" " ind2=" " tag="035"><subfield code="a">ocn878098829</subfield></datafield><datafield ind1=" " ind2=" " tag="040"><subfield code="a">DNLM/DLC</subfield><subfield code="e">rda</subfield><subfield code="b">eng</subfield><subfield code="c">DLC</subfield><subfield code="d">YDX</subfield><subfield code="d">NLM</subfield><subfield code="d">YDXCP</subfield><subfield code="d">BDX</subfield><subfield code="d">BTCTA</subfield><subfield code="d">OPW</subfield><subfield code="d">OCLCF</subfield><subfield code="d">AFMK</subfield></datafield><datafield ind1=" " ind2=" " tag="042"><subfield code="a">pcc</subfield></datafield><datafield ind1="0" ind2="4" tag="050"><subfield code="a">RM315</subfield><subfield code="b">.W46 2015</subfield></datafield><datafield ind1="1" ind2="0" tag="060"><subfield code="a">WL 300</subfield></datafield><datafield ind1="0" ind2="0" tag="082"><subfield code="a">615/.78</subfield><subfield code="2">23</subfield></datafield><datafield ind1=" " ind2=" " tag="090"><subfield code="a">RM 315 W46 2015</subfield><subfield code="b">AFMK</subfield></datafield><datafield ind1=" " ind2=" " tag="090"><subfield code="a">RM 315 W46 2015</subfield><subfield code="b">AEU</subfield></datafield><datafield ind1="1" ind2=" " tag="100"><subfield code="a">Wenk, Gary Lee,</subfield><subfield code="e">author.</subfield></datafield><datafield ind1="1" ind2="0" tag="245"><subfield code="a">Your brain on food :</subfield><subfield code="b">how chemicals control your thoughts and feelings /</subfield><subfield code="c">Gary L. Wenk.</subfield></datafield><datafield ind1=" " ind2=" " tag="250"><subfield code="a">Second edition.</subfield></datafield><datafield ind1=" " ind2="1" tag="264"><subfield code="a">Oxford ;</subfield><subfield code="a">New York :</subfield><subfield code="b">Oxford University Press,</subfield><subfield code="c">[2015]</subfield></datafield><datafield ind1=" " ind2=" " tag="300"><subfield code="a">xii, 227 pages :</subfield><subfield code="b">illustrations ;</subfield><subfield code="c">22 cm</subfield></datafield><datafield ind1=" " ind2=" " tag="336"><subfield code="a">text</subfield><subfield code="b">txt</subfield><subfield code="2">rdacontent</subfield></datafield><datafield ind1=" " ind2=" " tag="337"><subfield code="a">unmediated</subfield><subfield code="b">n</subfield><subfield code="2">rdamedia</subfield></datafield><datafield ind1=" " ind2=" " tag="338"><subfield code="a">volume</subfield><subfield code="b">nc</subfield><subfield code="2">rdacarrier</subfield></datafield><datafield ind1=" " ind2=" " tag="504"><subfield code="a">Includes bibliographical references and index.</subfield></datafield><datafield ind1="0" ind2=" " tag="505"><subfield code="a">Food, drugs, and you -- Neurobiology of feeding, hormones, overeating and aging -- Memories, magic, and a major addiction -- Euphoria, depression, and madness -- Your brain's anchor to reality -- Marijuana in the brain -- Simple molecules that turn you on and off -- Remnants of an ancient past -- Sleeping versus waking -- Brain enhancement and other magical beliefs.</subfield></datafield><datafield ind1=" " ind2=" " tag="596"><subfield code="a">8 42</subfield></datafield><datafield ind1=" " ind2="0" tag="650"><subfield code="a">Psychopharmacology.</subfield></datafield><datafield ind1=" " ind2="0" tag="650"><subfield code="a">Neuropsychology.</subfield></datafield><datafield ind1=" " ind2="0" tag="650"><subfield code="a">Neurochemistry.</subfield></datafield><datafield ind1="1" ind2="2" tag="650"><subfield code="a">Brain</subfield><subfield code="x">physiology.</subfield></datafield><datafield ind1="2" ind2="2" tag="650"><subfield code="a">Emotions.</subfield></datafield><datafield ind1="2" ind2="2" tag="650"><subfield code="a">Neurotransmitter Agents</subfield><subfield code="x">physiology.</subfield></datafield><datafield ind1=" " ind2=" " tag="926"><subfield code="a">RM 315 W46 2015</subfield><subfield code="w">LC</subfield><subfield code="c">1</subfield><subfield code="i">34917001371850</subfield><subfield code="l">ON_SHELF</subfield><subfield code="m">KEYANO</subfield><subfield code="p">$23.20</subfield><subfield code="r">Y</subfield><subfield code="s">Y</subfield><subfield code="t">BOOK</subfield><subfield code="u">3/20/2014</subfield><subfield code="o">.STAFF. Rec'd Jan/15 MW</subfield></datafield><datafield ind1=" " ind2=" " tag="926"><subfield code="a">RM 315 W46 2015</subfield><subfield code="w">LC</subfield><subfield code="c">1</subfield><subfield code="i">0162035237351</subfield><subfield code="d">3/22/2016</subfield><subfield code="e">12/24/2015</subfield><subfield code="l">ON_SHELF</subfield><subfield code="m">UAHLTHSC</subfield><subfield code="n">3</subfield><subfield code="p">$150.00</subfield><subfield code="r">Y</subfield><subfield code="s">Y</subfield><subfield code="t">BOOK</subfield><subfield code="u">2/17/2015</subfield></datafield></record>